1111111111111111111111111111111111111111111111111111111111111111	0	1号-波多野结衣	10800
2222222222222222222222222222222222222222222222222222222222222222	0	2号-大桥未久	9800
3333333333333333333333333333333333333333333333333333333333333333	0	3号-京香Julia	8800
4444444444444444444444444444444444444444444444444444444444444444	0	4号-麻生希	7800
5555555555555555555555555555555555555555555555555555555555555555	0	5号-小川阿佐美	6800
6666666666666666666666666666666666666666666666666666666666666666	0	6号-苍井空	5800	